
@article{muraszew_trajectory_1977,
	title = {Trajectory of firebrands in and out of fire whirls},
	volume = {30},
	rights = {https://www.elsevier.com/tdm/userlicense/1.0/},
	issn = {00102180},
	url = {https://linkinghub.elsevier.com/retrieve/pii/0010218077900815},
	doi = {10.1016/0010-2180(77)90081-5},
	pages = {321--324},
	journaltitle = {Combustion and Flame},
	shortjournal = {Combustion and Flame},
	author = {Muraszew, A. and Fedele, J.B. and Kuby, W.C.},
	urldate = {2024-11-20},
	date = {1977-01},
	langid = {english},
