@article{Alzueta2002,
author = {Alzueta, M. U. and Tena, A. and Bilbao, R.},
title = {{Pyridine Conversion in a Flow Reactor and its Interaction with Nitric Oxide}},
doi = {10.1080/00102200290021470},
pages = {151--169},
year = {2002},
volume = {174},
number = {10},
journal = {{Combustion Science and Technology}}
}


@article{Chen2022,
author = {Chen, Bingjie and Liu, Peng and Pelucchi, Matteo and Guidici, Clarissa and Maffei, Luna Pratali and Faller, Sebastian and Xu, Qiang and Huang, Jiabin and Zhang, Feng and Huang, Can and Leonhard, Kai and Wang, Zhandong and Mehl, Marco and Roberts, William L. and Faravelli, Tiziano and Pitsch, Heinz},
title = {{New Insights into the Oxidation Chemistry of Pyrrole, an n-Containing Biomass Tar Component}},
doi = {10.1016/j.proci.2022.07.019},
year = {2022},
journal = {{Proceedings of the Combustion Institute}}
}


@article{Debiagi2016,
author = {Debiagi, Paulo and Gentile, Giancarlo and Pelucchi, Matteo and Frassoldati, Alessio and Cuoci, Alberto and Faravelli, Tiziano and Ranzi, Eliseo},
title = {{Detailed Kinetic Mechanism of Gas-Phase Reactions of Volatiles Released from Biomass Pyrolysis}},
doi = {10.1016/j.biombioe.2016.06.015},
pages = {60--71},
year = {2016},
volume = {93},
journal = {{Biomass and Bioenergy}}
}


@article{Glarborg2018,
author = {Glarborg, Peter and Miller, James A. and Ruscic, Branko and Klippenstein, Stephen J.},
title = {{Modeling Nitrogen Chemistry in Combustion}},
doi = {10.1016/j.pecs.2018.01.002},
pages = {31--68},
year = {2018},
volume = {67},
journal = {{Progress in Energy and Combustion Science}}
}


@article{Langer2023,
author = {Langer, Raymond and Mao, Qian and Pitsch, Heinz},
title = {{A Detailed Kinetic Model for Aromatics Formation from Small Hydrocarbon and Gasoline Surrogate Fuel Combustion}},
doi = {10.1016/j.combustflame.2022.112574},
pages = {112574},
year = {2023},
volume = {258},
journal = {{Combustion and Flame}}
}


@article{Lu2005,
author = {Lu, Tianfeng and Law, Chung K.},
title = {{A Directed Relation Graph Method for Mechanism Reduction}},
doi = {10.1016/j.proci.2004.08.145},
pages = {1333--1341},
year = {2005},
volume = {30},
number = {1},
journal = {{Proceedings of the Combustion Institute}}
}


@article{Lu2020,
author = {Lu, Lixin and Zou, Chun and Xia, Wenxiang and Lin, Qianjin and Shi, Haiyang},
title = {{Experimental and Numerical Study on the Ignition Delay Times of Dimethyl Ether/Ethane/Oxygen/Carbon Dioxide Mixtures}},
doi = {10.1016/j.fuel.2020.118675},
pages = {118675},
year = {2020},
volume = {280},
journal = {{Fuel}}
}


@article{Norinaga2013,
author = {Norinaga, Koyo and Shoji, Tetsuya and Kudo, Shinji and Hayashi, Jun-ichiro},
title = {{Detailed Chemical Kinetic Modelling of Vapour-Phase Cracking of Multi-Component Molecular Mixtures Derived from the Fast Pyrolysis of Cellulose}},
doi = {10.1016/j.fuel.2011.07.045},
pages = {141--150},
year = {2013},
volume = {103},
journal = {{Fuel}}
}


@article{Pelucchi2015,
author = {Pelucchi, Matteo and Somers, Kieran P. and Yasunaga, Kenji and Burke, Ultan and Frassoldati, Alessio and Ranzi, Eliseo and Curran, Henry J. and Faravelli, Tiziano},
title = {{An Experimental and Kinetic Modeling Study of the Pyrolysis and Oxidation of \textit{n}-C\textsubscript{3}--C\textsubscript{5} Aldehydes in Shock Tubes}},
doi = {10.1016/j.combustflame.2014.07.027},
pages = {265--286},
year = {2015},
volume = {162},
number = {2},
journal = {{Combustion and Flame}}
}


@article{PepiotDesjardins2008b,
author = {Pepiot-Desjardins, P. and Pitsch, Heinz},
title = {{An Automatic Chemical Lumping Method for the Reduction of Large Chemical Kinetic Mechanisms}},
doi = {10.1080/13647830802245177},
pages = {1089--1108},
year = {2008},
volume = {12},
number = {6},
journal = {{Combustion Theory and Modelling}}
}


@article{Shamooni2021,
author = {Shamooni, Ali and Debiagi, Paulo and Wang, Bosen and Luu, Tien Duc and Stein, Oliver T. and Kronenburg, Andreas and Bagheri, Ghobad and Stagni, Alessandro and Frassoldati, Alessio and Faravelli, Tiziano and Kempf, Andreas M. and Wen, Xu and Hasse, Christian},
title = {{Carrier-Phase DNS of Detailed NO\textsubscript{x} Formation in Early-Stage Pulverized Coal Combustion with Fuel-Bound Nitrogen}},
doi = {10.1016/j.fuel.2020.119998},
year = {2021},
volume = {291},
journal = {{Fuel}}
}


@article{Wagnon2018,
author = {Wagnon, Scott W. and Thion, S{\'e}bastien and Nilsson, Elna J. K. and Mehl, Marco and Serinyel, Zeynep and Zhang, Kuiwen and Dagaut, Philippe and Konnov, Alexander A. and Dayma, Guillaume and Pitz, William J.},
title = {{Experimental and Modeling Studies of a Biofuel Surrogate Compound: Laminar Burning Velocities and Jet-Stirred Reactor Measurements of Anisole}},
doi = {10.1016/j.combustflame.2017.10.020},
pages = {325--336},
year = {2018},
volume = {189},
journal = {{Combustion and Flame}}
}


@article{Wu2019,
author = {Wu, Ling-Nan and Tian, Zhen-Yu and Weng, Jun-Jie and Yu, Dan and Liu, Yue-Xi and Tian, Dong-Xu and Cao, Chuang-Chuang and Zou, Jia-Biao and Zhang, Yan and Yang, Jiu-Zhong},
title = {{Experimental and Kinetic Study on the Low-Temperature Oxidation of Pyridine as a Representative of Fuel-n Compounds}},
doi = {10.1016/j.combustflame.2019.01.028},
pages = {394--404},
year = {2019},
volume = {202},
journal = {{Combustion and Flame}}
}


@article{Wu2022,
author = {Wu, Ling-Nan and Tian, Zhen-Yu and Jin, Kai-Ru and Zheng, Zhi-Hao and {Du Wang} and Liu, Bing-Zhi and Xu, Qiang and Wang, Zhan-Dong},
title = {{Experimental and Kinetic Study of Pyridine Oxidation Under the Fuel-Lean Condition in a Jet-Stirred Reactor}},
doi = {10.1016/j.combustflame.2022.112042},
pages = {112042},
year = {2022},
volume = {243},
journal = {{Combustion and Flame}}
}


@article{Zhang2021,
author = {Zhang, Xiaoyuan and Moosakutty, Shamjad P. and Rajan, Rajitha P. and Younes, Mourad and Sarathy, S. Mani},
title = {{Combustion Chemistry of Ammonia/Hydrogen Mixtures: Jet-Stirred Reactor Measurements and Comprehensive Kinetic Modeling}},
doi = {10.1016/j.combustflame.2021.111653},
pages = {111653},
year = {2021},
volume = {234},
journal = {{Combustion and Flame}}
}


